<?xml version="1.0" encoding="UTF-8"?>
<record xmlns="http://www.loc.gov/MARC21/slim" xmlns:xsi="http://www.w3.org/2001/XMLSchema-instance" xsi:schemaLocation="http://www.loc.gov/MARC21/slim http://www.loc.gov/standards/marcxml/schema/MARC21slim.xsd">
<leader>00000cam a22      a 4500</leader>
<controlfield tag="001">002974256</controlfield>
<controlfield tag="003">NNU</controlfield>
<controlfield tag="005">20160208174205.0</controlfield>
<controlfield tag="008">890330s1931    ua af         000 0 ara d</controlfield>
<datafield tag="035" ind1=" " ind2=" ">
<subfield code="a">(OCoLC)79781962</subfield>
</datafield>
<datafield tag="040" ind1=" " ind2=" ">
<subfield code="a">NNU</subfield>
<subfield code="b">eng</subfield>
<subfield code="c">ZYU</subfield>
<subfield code="d">OCLCG</subfield>
<subfield code="d">OCLCQ</subfield>
<subfield code="d">OCLCA</subfield>
<subfield code="d">OCLCF</subfield>
<subfield code="d">OCLCO</subfield>
<subfield code="d">OCLCQ</subfield>
<subfield code="d">NNU</subfield>
</datafield>
<datafield tag="041" ind1="1" ind2=" ">
<subfield code="a">ara</subfield>
<subfield code="h">fre</subfield>
</datafield>
<datafield tag="043" ind1=" " ind2=" ">
<subfield code="a">f-ua---</subfield>
</datafield>
<datafield tag="050" ind1=" " ind2="4">
<subfield code="a">DT104</subfield>
<subfield code="b">.G6912 1931</subfield>
</datafield>
<datafield tag="100" ind1="1" ind2=" ">
<subfield code="a">Gouin, Edouard.</subfield>
</datafield>
<datafield tag="240" ind1="1" ind2="0">
<subfield code="a">Égypte au XIXe siècle.</subfield>
<subfield code="l">Arabic</subfield>
</datafield>
<datafield tag="245" ind1="1" ind2="0">
<subfield code="6">880-01</subfield>
<subfield code="a">Miṣr fī al-qarn al-tāsiʻ ʻashara :</subfield>
<subfield code="b">sīrah jāmiʻah li-ḥawādith sākinī al-Jinān Muḥammad ʻAlī Bāshā wa-Ibrāhīm Bāshā wa-al-maghfūr la-hu Sulaymān Bāshā al-Faransī min al-nawāḥī al-ḥarbīyah wa-al-siyāsīyah wa-al-qiṣaṣīyah /</subfield>
<subfield code="c">taʼlīf Idwār Jawān ; naqalahu ilá al-lughah al-ʻArabīyah Muḥammad Masʻūd.</subfield>
</datafield>
<datafield tag="250" ind1=" " ind2=" ">
<subfield code="6">880-02</subfield>
<subfield code="a">al-Ṭabʻah 3.</subfield>
</datafield>
<datafield tag="260" ind1=" " ind2=" ">
<subfield code="6">880-03</subfield>
<subfield code="a">al-Qāhirah :</subfield>
<subfield code="b">[publisher not identified],</subfield>
<subfield code="c">1931.</subfield>
</datafield>
<datafield tag="300" ind1=" " ind2=" ">
<subfield code="a">798 pages, [17] leaves of plates :</subfield>
<subfield code="b">illustrations (some color) ;</subfield>
<subfield code="c">26 cm</subfield>
</datafield>
<datafield tag="336" ind1=" " ind2=" ">
<subfield code="a">text</subfield>
<subfield code="b">txt</subfield>
<subfield code="2">rdacontent</subfield>
</datafield>
<datafield tag="337" ind1=" " ind2=" ">
<subfield code="a">unmediated</subfield>
<subfield code="b">n</subfield>
<subfield code="2">rdamedia</subfield>
</datafield>
<datafield tag="338" ind1=" " ind2=" ">
<subfield code="a">volume</subfield>
<subfield code="b">nc</subfield>
<subfield code="2">rdacarrier</subfield>
</datafield>
<datafield tag="651" ind1=" " ind2="0">
<subfield code="a">Egypt</subfield>
<subfield code="x">History</subfield>
<subfield code="y">19th century.</subfield>
</datafield>
<datafield tag="600" ind1="0" ind2="0">
<subfield code="6">880-04</subfield>
<subfield code="a">Muḥammad ʻAlī Bāshā,</subfield>
<subfield code="c">Governor of Egypt,</subfield>
<subfield code="d">1769-1849.</subfield>
</datafield>
<datafield tag="600" ind1="0" ind2="0">
<subfield code="6">880-05</subfield>
<subfield code="a">Ibrāhīm,</subfield>
<subfield code="c">Pasha,</subfield>
<subfield code="d">1789-1848.</subfield>
</datafield>
<datafield tag="600" ind1="0" ind2="7">
<subfield code="a">Ibrāhīm,</subfield>
<subfield code="c">Pasha,</subfield>
<subfield code="d">1789-1848.</subfield>
<subfield code="2">fast</subfield>
<subfield code="0">(OCoLC)fst00109393</subfield>
</datafield>
<datafield tag="600" ind1="0" ind2="7">
<subfield code="a">Muḥammad ʻAlī Bāshā,</subfield>
<subfield code="c">Governor of Egypt,</subfield>
<subfield code="d">1769-1849.</subfield>
<subfield code="2">fast</subfield>
<subfield code="0">(OCoLC)fst00210721</subfield>
</datafield>
<datafield tag="651" ind1=" " ind2="7">
<subfield code="a">Egypt.</subfield>
<subfield code="2">fast</subfield>
<subfield code="0">(OCoLC)fst01208755</subfield>
</datafield>
<datafield tag="648" ind1=" " ind2="7">
<subfield code="a">1800 - 1899.</subfield>
<subfield code="2">fast</subfield>
</datafield>
<datafield tag="655" ind1=" " ind2="7">
<subfield code="a">History.</subfield>
<subfield code="2">fast</subfield>
<subfield code="0">(OCoLC)fst01411628</subfield>
</datafield>
<datafield tag="880" ind1="1" ind2="0">
<subfield code="6">245-01/</subfield>
<subfield code="a">مصر في القرن التاسع عشر :</subfield>
<subfield code="b">سيرة جامعة لحوادث ساكني الجنان محمد علي باشا وابراهيم باشا والمغفور له سليمان باشا الفرنسي من النواحي الحربية والسياسية والقصصية /</subfield>
<subfield code="c">تأليف ادوار جوان ؛ نقله الى اللغة العربية محمد مسعود.</subfield>
</datafield>
<datafield tag="880" ind1=" " ind2=" ">
<subfield code="6">250-02/</subfield>
<subfield code="a">الطبعة 3.</subfield>
</datafield>
<datafield tag="880" ind1=" " ind2=" ">
<subfield code="6">260-03/</subfield>
<subfield code="a">القاهرة :</subfield>
<subfield code="b">[publisher not identified]،</subfield>
<subfield code="c">1931.</subfield>
</datafield>
<datafield tag="880" ind1="0" ind2="4">
<subfield code="6">600-04/</subfield>
<subfield code="a">محمد علي باشا،</subfield>
<subfield code="c">Governor of Egypt,</subfield>
<subfield code="d">1769-1849.</subfield>
</datafield>
<datafield tag="880" ind1="0" ind2="4">
<subfield code="6">600-05/</subfield>
<subfield code="a">ابراهيم،</subfield>
<subfield code="c">Pasha,</subfield>
<subfield code="d">1789-1848.</subfield>
</datafield>
<datafield tag="OWN" ind1=" " ind2=" ">
<subfield code="a">GENERAL</subfield>
</datafield>
<datafield tag="AVA" ind1=" " ind2=" ">
<subfield code="a">NYU50</subfield>
<subfield code="b">BOBST</subfield>
<subfield code="c">Main Collection</subfield>
<subfield code="d">DT104 .G6912 1931</subfield>
<subfield code="e">unavailable</subfield>
<subfield code="t">Unavailable</subfield>
<subfield code="f">1</subfield>
<subfield code="g">1</subfield>
<subfield code="h">N</subfield>
<subfield code="i">0</subfield>
<subfield code="j">MAIN</subfield>
<subfield code="k">0</subfield>
</datafield>
</record>
